@book{Source1,
author = {Nom, Prénom and Nom, Prénom},
series = {Series ABC},
isbn = {000000000000},
title = {{Infectious diseases of humans}},
year = {1555}
}


@article{Source2,
author = {Nom, Prénom and Nom, Prénom},
issn = {00000000},
journal = {The Great Great Journal},
number = {77},
pages = {11--14},
pmid = {10001011},
title = {{The best of titles}},
volume = {101},
year = {2058}
}


@misc{Source3,
author = {Nom, Prénom},
howpublished={This was published in a Poster},
pages = {1--9},
title = {{Prevention versus treatment: A game--theoretic approach}},
year = {2016}
}


@mastersthesis{Source4,
    author = {Nom, Prénom},
    title = {{The Best Title Ever}},
    school = {UPMC},
    type = {Masters' thesis},
    year = {2025}
}